@book{Vap+1999,
  title={The Nature of Statistical Learning Theory},
  author={Vapnik, V.},
  series={Information Science and Statistics},
  year={1999},
  publisher={Springer New York}
}
